@article{repenning,
  author = {Repenning, Alexander},
  title = {Moving beyond syntax: lessons from 20 years of blocks programing in {AgentSheets}},
  journal = {Journal of Visual Languages and Sentient Systems},
  volume = {3},
  month = {July},
  year = {2017},
  doi = {10.18293/VLSS2017-010}
}

@inproceedings{margulieux,
 author = {Margulieux, Lauren E. and Guzdial, Mark and Catrambone, Richard},
 title = {Subgoal-labeled Instructional Material Improves Performance and Transfer in Learning to Develop Mobile Applications},
 booktitle = {Proceedings of the Ninth Annual International Conference on International Computing Education Research},
 year = {2012},
 isbn = {978-1-4503-1604-0},
 pages = {71--78},
 doi = {10.1145/2361276.2361291}
}

@article{alvidrez-weinstein,
  author = {Alvidrez, J. and Weinstein, R. S.},
  title = {Early teacher perceptions and later student academic achievement},
  journal = {Journal of Educational Psychology},
  year = {1999},
  volume = {91},
  number = {4},
  pages = {731--746}
}

@article{brophy,
  author = {Brophy, J. E.},
  title = {Research on the self-fulfilling prophecy and teacher expectations},
  journal = {Journal of Educational Psychology},
  year = {1983},
  volume = {75},
  number = {5},
  pages = {631--661}
}

@article{jussim-eccles,
  author = {Jussim, L. and Eccles, J.},
  title = {Social perception, social stereotypes, and teacher expectations: Accuracy and the quest for the powerful self-fulfilling prophecy},
  journal = {Advances in Experimental Social Psychology},
  year = {1996},
  volume = {28},
  pages = {281--388}
}

@article{porter-success,
  author = {Porter, Leo and Guzdial, Mark and McDowell, Charlie and Simon, Beth},
  title = {Success in introductory programming: What works?},
  journal = {Communications of the ACM},
  volume = {56},
  number = {8},
  year = {2013}
}

@inproceedings{porter-multi,
 author = {Porter, Leo and Bailey Lee, Cynthia and Simon, Beth and Cutts, Quintin and Zingaro, Daniel},
 title = {Experience Report: A Multi-classroom Report on the Value of Peer Instruction},
 booktitle = {Proceedings of the 16th Annual Joint Conference on Innovation and Technology in Computer Science Education},
 year = {2011},
 isbn = {978-1-4503-0697-3},
 pages = {138--142}
}

@inproceedings{guzdial-media,
 author = {Guzdial, Mark},
 title = {Exploring hypotheses about media computation},
 booktitle = {Proceedings of the Ninth Annual International ACM Conference on International Computing Education Research},
 series = {ICER '13},
 year = {2013},
 isbn = {978-1-4503-2243-0},
 pages = {19--26}
}

@article{hannay,
  author = {Hannay, Jo Erskine and Dybå, Tore and Arisholm, Erik and and Sjøberg, Dag I.K.},
  title = {The effectiveness of pair programming: a meta-analysis},
  journal = {Information and Software Technology},
  volume = {51},
  number = {7},
  year = {2009}
}

@article{mcdowell,
 author = {McDowell, Charlie and Werner, Linda and Bullock, Heather E. and Fernald, Julian},
 title = {Pair Programming Improves Student Retention, Confidence, and Program Quality},
 journal = {Communications of the ACM},
 volume = {49},
 number = {8},
 month = {August},
 year = {2006},
 pages = {90--95}
}

@incollection{gick-holyoak,
  author = {Gick, M. L. and Holyoak, K. J.},
  title = {The cognitive basis of knowledge transfer},
  editor = {Cormier, S. M. and Hagman, J. D.},
  booktitle = {Transfer of learning: Contemporary research and applications},
  publisher = {Academic Press},
  year = {1987}
}

@inproceedings{barker-live-coding,
 author = {Barker, Lecia J. and Garvin-Doxas, Kathy and Roberts, Eric},
 title = {What Can Computer Science Learn from a Fine Arts Approach to Teaching?},
 booktitle = {Proceedings of the 36th SIGCSE Technical Symposium on Computer Science Education},
 series = {SIGCSE '05},
 year = {2005},
 isbn = {1-58113-997-7},
 location = {St. Louis, Missouri, USA},
 pages = {421--425},
 numpages = {5},
 url = {http://doi.acm.org/10.1145/1047344.1047482},
 doi = {10.1145/1047344.1047482},
 acmid = {1047482},
 publisher = {ACM},
 address = {New York, NY, USA},
 keywords = {CS education research, classroom management, gender issues, pedagogy},
} 

@inproceedings{bouvier-context,
 author = {Bouvier, Dennis and Lovellette, Ellie and Matta, John and Alshaigy, Bedour and Becker, Brett A. and Craig, Michelle and Jackova, Jana and McCartney, Robert and Sanders, Kate and Zarb, Mark},
 title = {Novice Programmers and the Problem Description Effect},
 booktitle = {Proceedings of the 2016 ITiCSE Working Group Reports},
 series = {ITiCSE '16},
 year = {2016},
 isbn = {978-1-4503-4882-9},
 location = {Arequipa, Peru},
 pages = {103--118},
 numpages = {16},
 url = {http://doi.acm.org/10.1145/3024906.3024912},
 doi = {10.1145/3024906.3024912},
 acmid = {3024912},
 publisher = {ACM},
 address = {New York, NY, USA},
 keywords = {CS1, context, novice programmers},
} 

@article{crouch-demo,
author = {Catherine Crouch and Adam P. Fagen and J. Paul Callan and Eric Mazur},
title = {Classroom demonstrations: Learning tools or entertainment?},
journal = {American Journal of Physics},
volume = {72},
number = {6},
pages = {835-838},
year = {2004},
doi = {10.1119/1.1707018},
}

@misc{guzdial-myths,
author = {Mark Guzdial},
title = {Top 10 Myths About Teaching Computer Science},
year = 2015,
howpublished = {\texttt{https://cacm.acm.org/blogs/blog-cacm/189498-top-10-myths-about-teaching-computer-science/fulltext}},
note = "Accessed 3rd July 2017"
}

@article{mayer-subject,
author = {Richard E. Mayer},
title = {Teaching of Subject Matter},
journal = {Annual Review of Psychology},
volume = {55},
number = {1},
pages = {715-744},
year = {2004},
doi = {10.1146/annurev.psych.55.082602.133124},
}

@book{mazur-peer-instruction,
author = {Eric Mazur},
title = "Peer Instruction: A User's Manual",
year = 1996,
publisher="Prentice Hall"
}

@article{miller-demo,
  title = {Role of physics lecture demonstrations in conceptual learning},
  author = {Miller, Kelly and Lasry, Nathaniel and Chu, Kelvin and Mazur, Eric},
  journal = {Phys. Rev. ST Phys. Educ. Res.},
  volume = {9},
  issue = {2},
  pages = {020113},
  numpages = {5},
  year = {2013},
  month = {Sep},
  publisher = {American Physical Society},
  doi = {10.1103/PhysRevSTPER.9.020113},
  url = {https://link.aps.org/doi/10.1103/PhysRevSTPER.9.020113}
}

@inproceedings{morrison-parsons,
 author = {Morrison, Briana B. and Margulieux, Lauren E. and Ericson, Barbara and Guzdial, Mark},
 title = {Subgoals Help Students Solve Parsons Problems},
 booktitle = {Proceedings of the 47th ACM Technical Symposium on Computing Science Education},
 series = {SIGCSE '16},
 year = {2016},
 isbn = {978-1-4503-3685-7},
 location = {Memphis, Tennessee, USA},
 pages = {42--47},
 numpages = {6},
 url = {http://doi.acm.org/10.1145/2839509.2844617},
 doi = {10.1145/2839509.2844617},
 acmid = {2844617},
 publisher = {ACM},
 address = {New York, NY, USA},
 keywords = {cognitive load, contextual transfer, parsons problem, subgoal labels},
} 

@inproceedings{morrison-subgoals,
 author = {Morrison, Briana B. and Margulieux, Lauren E. and Guzdial, Mark},
 title = {Subgoals, Context, and Worked Examples in Learning Computing Problem Solving},
 booktitle = {Proceedings of the Eleventh Annual International Conference on International Computing Education Research},
 series = {ICER '15},
 year = {2015},
 isbn = {978-1-4503-3630-7},
 location = {Omaha, Nebraska, USA},
 pages = {21--29},
 numpages = {9},
 url = {http://doi.acm.org/10.1145/2787622.2787733},
 doi = {10.1145/2787622.2787733},
 acmid = {2787733},
 publisher = {ACM},
 address = {New York, NY, USA},
 keywords = {cognitive load, contextual transfer, subgoal labels},
} 

@inproceedings{parsons,
 author = {Parsons, Dale and Haden, Patricia},
 title = {Parsons Programming Puzzles: A Fun and Effective Learning Tool for First Programming Courses},
 booktitle = {Proceedings of the 8th Australasian Conference on Computing Education - Volume 52},
 series = {ACE '06},
 year = {2006},
 isbn = {1-920682-34-1},
 location = {Hobart, Australia},
 pages = {157--163},
 numpages = {7},
 url = {http://dl.acm.org/citation.cfm?id=1151869.1151890},
 acmid = {1151890},
 publisher = {Australian Computer Society, Inc.},
 address = {Darlinghurst, Australia, Australia},
 keywords = {interactive teaching tools, teaching introductory programming},
} 


@inproceedings{patitsas-bimodal,
 author = {Patitsas, Elizabeth and Berlin, Jesse and Craig, Michelle and Easterbrook, Steve},
 title = {Evidence That Computer Science Grades Are Not Bimodal},
 booktitle = {Proceedings of the 2016 ACM Conference on International Computing Education Research},
 series = {ICER '16},
 year = {2016},
 isbn = {978-1-4503-4449-4},
 location = {Melbourne, VIC, Australia},
 pages = {113--121},
 numpages = {9},
 url = {http://doi.acm.org/10.1145/2960310.2960312},
 doi = {10.1145/2960310.2960312},
 acmid = {2960312},
 publisher = {ACM},
 address = {New York, NY, USA},
 keywords = {grades computer science education instructor beliefs},
} 

@inproceedings{rubin-live-coding,
 author = {Rubin, Marc J.},
 title = {The Effectiveness of Live-coding to Teach Introductory Programming},
 booktitle = {Proceeding of the 44th ACM Technical Symposium on Computer Science Education},
 series = {SIGCSE '13},
 year = {2013},
 isbn = {978-1-4503-1868-6},
 location = {Denver, Colorado, USA},
 pages = {651--656},
 numpages = {6},
 url = {http://doi.acm.org/10.1145/2445196.2445388},
 doi = {10.1145/2445196.2445388},
 acmid = {2445388},
 publisher = {ACM},
 address = {New York, NY, USA},
 keywords = {introductory, live-coding, pedagogy, programming},
} 


@book{willingham-book,
  author={Willingham, Daniel T},
  title={Why don't students like school?: A cognitive scientist answers questions about how the mind works and what it means for the classroom},
  year={2009},
  publisher={John Wiley \& Sons}
}