@inproceedings{barker-live-coding,
 author = {Barker, Lecia J. and Garvin-Doxas, Kathy and Roberts, Eric},
 title = {What Can Computer Science Learn from a Fine Arts Approach to Teaching?},
 booktitle = {Proceedings of the 36th SIGCSE Technical Symposium on Computer Science Education},
 series = {SIGCSE '05},
 year = {2005},
 isbn = {1-58113-997-7},
 location = {St. Louis, Missouri, USA},
 pages = {421--425},
 numpages = {5},
 url = {http://doi.acm.org/10.1145/1047344.1047482},
 doi = {10.1145/1047344.1047482},
 acmid = {1047482},
 publisher = {ACM},
 address = {New York, NY, USA},
 keywords = {CS education research, classroom management, gender issues, pedagogy},
} 

@inproceedings{bouvier-context,
 author = {Bouvier, Dennis and Lovellette, Ellie and Matta, John and Alshaigy, Bedour and Becker, Brett A. and Craig, Michelle and Jackova, Jana and McCartney, Robert and Sanders, Kate and Zarb, Mark},
 title = {Novice Programmers and the Problem Description Effect},
 booktitle = {Proceedings of the 2016 ITiCSE Working Group Reports},
 series = {ITiCSE '16},
 year = {2016},
 isbn = {978-1-4503-4882-9},
 location = {Arequipa, Peru},
 pages = {103--118},
 numpages = {16},
 url = {http://doi.acm.org/10.1145/3024906.3024912},
 doi = {10.1145/3024906.3024912},
 acmid = {3024912},
 publisher = {ACM},
 address = {New York, NY, USA},
 keywords = {CS1, context, novice programmers},
} 

@article{crouch-demo,
author = {Catherine Crouch and Adam P. Fagen and J. Paul Callan and Eric Mazur},
title = {Classroom demonstrations: Learning tools or entertainment?},
journal = {American Journal of Physics},
volume = {72},
number = {6},
pages = {835-838},
year = {2004},
doi = {10.1119/1.1707018},
}

@misc{guzdial-myths,
author = "Mark Guzdial",
year = 2015,
howpublished = {\url{https://cacm.acm.org/blogs/blog-cacm/189498-top-10-myths-about-teaching-computer-science/fulltext}},
note = "Accessed 3rd July 2017"
}

@article{mayer-subject,
author = { Richard E.   Mayer },
title = {Teaching of Subject Matter},
journal = {Annual Review of Psychology},
volume = {55},
number = {1},
pages = {715-744},
year = {2004},
doi = {10.1146/annurev.psych.55.082602.133124},
}

@book{mazur-peer-instruction,
author = "Eric Mazur",
title = "Peer Instruction: A User's Manual",
year = 1996,
publisher="Prentice Hall"
}

@article{miller-demo,
  title = {Role of physics lecture demonstrations in conceptual learning},
  author = {Miller, Kelly and Lasry, Nathaniel and Chu, Kelvin and Mazur, Eric},
  journal = {Phys. Rev. ST Phys. Educ. Res.},
  volume = {9},
  issue = {2},
  pages = {020113},
  numpages = {5},
  year = {2013},
  month = {Sep},
  publisher = {American Physical Society},
  doi = {10.1103/PhysRevSTPER.9.020113},
  url = {https://link.aps.org/doi/10.1103/PhysRevSTPER.9.020113}
}

@inproceedings{morrison-parsons,
 author = {Morrison, Briana B. and Margulieux, Lauren E. and Ericson, Barbara and Guzdial, Mark},
 title = {Subgoals Help Students Solve Parsons Problems},
 booktitle = {Proceedings of the 47th ACM Technical Symposium on Computing Science Education},
 series = {SIGCSE '16},
 year = {2016},
 isbn = {978-1-4503-3685-7},
 location = {Memphis, Tennessee, USA},
 pages = {42--47},
 numpages = {6},
 url = {http://doi.acm.org/10.1145/2839509.2844617},
 doi = {10.1145/2839509.2844617},
 acmid = {2844617},
 publisher = {ACM},
 address = {New York, NY, USA},
 keywords = {cognitive load, contextual transfer, parsons problem, subgoal labels},
} 

@inproceedings{morrison-subgoals,
 author = {Morrison, Briana B. and Margulieux, Lauren E. and Guzdial, Mark},
 title = {Subgoals, Context, and Worked Examples in Learning Computing Problem Solving},
 booktitle = {Proceedings of the Eleventh Annual International Conference on International Computing Education Research},
 series = {ICER '15},
 year = {2015},
 isbn = {978-1-4503-3630-7},
 location = {Omaha, Nebraska, USA},
 pages = {21--29},
 numpages = {9},
 url = {http://doi.acm.org/10.1145/2787622.2787733},
 doi = {10.1145/2787622.2787733},
 acmid = {2787733},
 publisher = {ACM},
 address = {New York, NY, USA},
 keywords = {cognitive load, contextual transfer, subgoal labels},
} 

@inproceedings{parsons,
 author = {Parsons, Dale and Haden, Patricia},
 title = {Parson's Programming Puzzles: A Fun and Effective Learning Tool for First Programming Courses},
 booktitle = {Proceedings of the 8th Australasian Conference on Computing Education - Volume 52},
 series = {ACE '06},
 year = {2006},
 isbn = {1-920682-34-1},
 location = {Hobart, Australia},
 pages = {157--163},
 numpages = {7},
 url = {http://dl.acm.org/citation.cfm?id=1151869.1151890},
 acmid = {1151890},
 publisher = {Australian Computer Society, Inc.},
 address = {Darlinghurst, Australia, Australia},
 keywords = {interactive teaching tools, teaching introductory programming},
} 


@inproceedings{patitsas-bimodal,
 author = {Patitsas, Elizabeth and Berlin, Jesse and Craig, Michelle and Easterbrook, Steve},
 title = {Evidence That Computer Science Grades Are Not Bimodal},
 booktitle = {Proceedings of the 2016 ACM Conference on International Computing Education Research},
 series = {ICER '16},
 year = {2016},
 isbn = {978-1-4503-4449-4},
 location = {Melbourne, VIC, Australia},
 pages = {113--121},
 numpages = {9},
 url = {http://doi.acm.org/10.1145/2960310.2960312},
 doi = {10.1145/2960310.2960312},
 acmid = {2960312},
 publisher = {ACM},
 address = {New York, NY, USA},
 keywords = {grades computer science education instructor beliefs},
} 

@inproceedings{rubin-live-coding,
 author = {Rubin, Marc J.},
 title = {The Effectiveness of Live-coding to Teach Introductory Programming},
 booktitle = {Proceeding of the 44th ACM Technical Symposium on Computer Science Education},
 series = {SIGCSE '13},
 year = {2013},
 isbn = {978-1-4503-1868-6},
 location = {Denver, Colorado, USA},
 pages = {651--656},
 numpages = {6},
 url = {http://doi.acm.org/10.1145/2445196.2445388},
 doi = {10.1145/2445196.2445388},
 acmid = {2445388},
 publisher = {ACM},
 address = {New York, NY, USA},
 keywords = {introductory, live-coding, pedagogy, programming},
} 


@book{willingham-book,
  title={Why don't students like school?: A cognitive scientist answers questions about how the mind works and what it means for the classroom},
  author={Willingham, Daniel T},
  year={2009},
  publisher={John Wiley \& Sons}
}